<?xml version="1.0" encoding="UTF-8"?><collection xmlns="http://www.loc.gov/MARC21/slim"><record><leader>00289nam--2200121-i-4500</leader><controlfield tag="001">000024862</controlfield><controlfield tag="002">20161230</controlfield><controlfield tag="005">20161230201035</controlfield><controlfield tag="008">060222s1000------------r-----000-0-eng-d</controlfield><datafield ind1=" " ind2=" " tag="100"><subfield code="a">Cordier, Suxanne</subfield></datafield><datafield ind1=" " ind2=" " tag="245"><subfield code="a">Etude de la diffusion dans les gels</subfield></datafield><datafield ind1=" " ind2=" " tag="260"><subfield code="a">Paris, 1956 71 P</subfield></datafield><datafield ind1=" " ind2=" " tag="852"><subfield code="a">12270</subfield></datafield></record></collection>